@misc{nasa2014srtm1sdem,
  author={{NASA LP DAAC}},
  title={SRTM 1 Arc-Second Global},
  year={2000},
  address={NASA EOSDIS Land Processes DAAC, USGS Earth Resources Observation and Science (EROS) Center, Sioux Falls, South Dakota},
  howpublished={\url{https://earthexplorer.usgs.gov/}},
  note={published September 2014, accessed May 2016}
}
@article{bishop1995drainage,
  title={Drainage rearrangement by river capture, beheading and diversion},
  author={Bishop, Paul},
  journal={Progress in physical geography},
  volume={19},
  number={4},
  pages={449--473},
  year={1995},
  publisher={Sage Publications Sage CA: Thousand Oaks, CA}
}
@article{sun2007fast,
  title={Fast and effective feature-preserving mesh denoising},
  author={Sun, Xianfang and Rosin, Paul and Martin, Ralph and Langbein, Frank},
  journal={IEEE Transactions on Visualization \& Computer Graphics},
  number={5},
  pages={925--938},
  year={2007},
  publisher={IEEE}
}

@article{martinez2020importancia,
  title={Importancia de la familia Sapotaceae en Madre de Dios, Per{\'u}},
  author={Mart{\'\i}nez-Sovero, Gustavo and Iglesias-Osores, Sebastian and Villena-Vel{\'a}squez, Jim J},
  journal={Manglar},
  volume={17},
  number={4},
  pages={287},
  year={2020}
}

@article{henriquez2012fenologia,
  title={Fenolog{\'\i}a reproductiva de Pouteria splendens (Sapotaceae)},
  author={Henr{\'\i}quez, Carolina A and Sotes, Gast{\'o}n J and Bustamante, Ramiro O},
  journal={Gayana. Bot{\'a}nica},
  volume={69},
  number={2},
  pages={251--255},
  year={2012},
  publisher={Universidad de Concepci{\'o}n}
}